74800000         212345678000199                    01234 0000000567891 EMPRESA TESTE LTDA            SICREDI                                 10812202512404400000110300000                                                                     
74800011R0100103 2012345678000199                    01234 0000000567891 EMPRESA TESTE LTDA                                                                                                                                                     
7480001300001P 0101234 0000000567891 00000000000000000001112121              2312202500000000001500000000 01N08122025123122025000000000000150000000000000000000000000000000000000000000000000000000                         3000000090000000000 
7480001300002Q 011000012345678901JOAO DA SILVA                           RUA TESTE  123                          CENTRO         01234567SAO PAULO      SP0000000000000000                                        000                            
7480001300003R 01000000000000000000000000000000000000000000000000223122025000000000000200          NÃO ACEITAR PAGAMENTO APÓS VENCIMENTO MU                                                            000000000000000000000 000000000000       
7480001300004P 0101234 0000000567891 00000000000000000002112122              2312202500000000002505000000 01N08122025123122025000000000000250000000000000000000000000000000000000000000000000000000                         3000000090000000000 
7480001300005Q 011000098765432100MARIA DOS SANTOS                        AV TESTE  456                           JARDIM         20123456RIO DE JANEIRO RJ0000000000000000                                        000                            
7480001300006R 01000000000000000000000000000000000000000000000000223122025000000000000200          NÃO ACEITAR PAGAMENTO APÓS VENCIMENTO                                                               000000000000000000000 000000000000       
74800015         00000800000000000000000000000000000000000000000000000000000000000000000000000000000000000000000000                                                                                                                             
74899999         000001000010000000                                                                                                                                                                                                             